<?xml version="1.0" encoding="UTF-8"?><collection xmlns="http://www.loc.gov/MARC21/slim"><record><leader>00460nam--2200157-i-4500</leader><controlfield tag="001">000013455</controlfield><controlfield tag="002">20161230</controlfield><controlfield tag="005">20170209230249</controlfield><controlfield tag="008">060222s1000------------r-----000-0-eng-d</controlfield><datafield ind1=" " ind2=" " tag="100"><subfield code="a">Alexe, Florin</subfield></datafield><datafield ind1=" " ind2=" " tag="245"><subfield code="a">Centrale nucleare electrice. Probleme coordonator: Nicolae Danila</subfield></datafield><datafield ind1=" " ind2=" " tag="260"><subfield code="a">Bucuresti</subfield><subfield code="b">Editura Didactica Si Pedagogica</subfield><subfield code="c">1980</subfield></datafield><datafield ind1=" " ind2=" " tag="300"><subfield code="a">761 p</subfield></datafield><datafield ind1=" " ind2=" " tag="700"><subfield code="a">Gheorghe, Adrian</subfield></datafield><datafield ind1=" " ind2=" " tag="852"><subfield code="a">621.039:621.311.2(076.1)</subfield></datafield><datafield ind1=" " ind2=" " tag="CAT"><subfield code="a">SYS</subfield><subfield code="c">20170209</subfield><subfield code="h">230249</subfield></datafield></record></collection>